% Encoding: windows-1250

@Book{book:LinCostello,
  title     = {Error Control Coding: Fundamentals and Applications},
  publisher = {Prentice-Hall},
  year      = {1983},
  author    = {Lin, S. and Costello, Jr., D. J.},
}

@Book{book:Kabisatpathy,
title = {Fault Diagnosis of Analog Integrated Circuits},
publisher = {Springer US},
year = {2005},
author = {Kabisatpathy, P. and Barua, A. and Sinha, S.},
}

@Book{book:Ismail,
title = {Radio Design in Nanometer Technologies},
publisher = {Springer Netherlands},
year = {2006},
author = {Ismail, M. and de Llera Gonz√°lez, D. R.},
}

@Book{book:SchonfeldKlimant,
  title     = {Informations- und Kodierungstheorie},
  publisher = {Springer Vieweg},
  edition   = {Fourth},
  year      = {2012},
  author    = {Sch\"{o}nfeld, D. and Klimant, H. and Piotraschke, R},
}

@Book{book:Lint,
  title     = {Introduction to Coding Theory},
  publisher = {Springer-Verlag},
  edition   = {Second},
  year      = {2012},
  author    = {Lint, van, J. H.},
}

@Book{book:Sorin,
  title     = {Fault Tolerant Computer Architecture},
  publisher = {Morgan \& Claypool},
  series    = {Synthesis Lectures on Computer Architectures},
  number    = {5},
  year      = {2009},
  author    = {Sorin, D.},
}

@Book{book:Navabi,
title       = {Digital System Test and Testable Design. Using {HDL} Models and Architectures},
publisher   = {Springer},
year        = {2011},
author      = {Navabi, Z.},
}

@Book{book:Grout,
title       = {Integrated Circuit Test Engineering. Modern Techniques},
publisher   = {Springer},
year        = {2006},
author      = {Grout, I. A.},
}

@Article{art:neural,
    title   = {An Analog Non-Volatile Neural Network Platform for Prototyping {RF} {BIST} Solutions},
    journal = {Design, Automation and Test in Europe Conference and Exhibition},
    year    = {2014},
    publisher  = IEEE,
    author  = {Maliuk, D. and Makris, Y.},
}

@Book{book:ZynqBook,
title       = "The {Zynq} {Book}. Embedded Processing with the {ARM}\textsuperscript{\textregistered} {Cortex}\textsuperscript{\textregistered}-{A9} on the {Xilinx}\textsuperscript{\textregistered} {Zynq}\textsuperscript{\textregistered}-7000 {All} {Programmable} {SoC}",
publisher   = {Strathclyde Academic Media},
year        = {2014},
month       = {july},
author      = {Crockett, L. H. and Elliot, R. A. and Enderwitz, M. A. and Stewart, R. W.},
}

@Book{book:Fujiwara,
    title   = {Code Design for Dependable Systems},
    year    = {2006},
    publisher = {John Wiley \& Sons, Inc.},
    author  = {Fujiwara, E.},
}


@Techreport{report:altera,
  title  =        {Introduction to Single-Event Upsets},
  number =        {WP-01206-1.0},
  organization   =   {Altera Corporation},
  author =        {Sydow, Sr. Product Marketing Manager, M. },
}

@manual{report:AXI,
  title  =        {{AXI} Reference Guide},
  number =        {COMP4601},
  organization  =   {Xilinx Inc.},
  year          = {2011},
  month         = {March},
}

@manual{report:custom_ip,
  title  =        {Creating {AXI}-{LITE} "{Custom} {IP}" in {Vivado}},
  number =        {UG761 (v 13.1)},
  author =        {Garg, S. and Kroh, A.},
}

@manual{report:CLB,
  title  =        {7 {Series} {FPGAs} Configurable Logic Block},
  number =        {UG474 (v1.8)},
  organization  =   {Xilinx Inc.},
  year          = {2016},
  month         = {September},
}

@manual{manual:MMCM,
  title  =        {7 {Series} {FPGAs} Clocking Resources User Guide},
  number =        {UG472 (v1.13)},
  organization  =        {Xilinx Inc.},
  year          = {2017},
  month         = {March},
}

@manual{report:BRAM,
  title  =        {Block Memory Generator v8.3, {PG058} },
  number =        {PG058},
  organization  = {Xilinx Inc.},
  year          = {2017},
  month         = {April},
}


@Article{art:Shannon,
    title   = {A Mathematical Theory of Communication},
    journal = {Bell Syst. Tech. J.},
    year    = {1948},
    pages   = {379-423, 623-656},
    month   = jul,
    author  = {Shannon, E. C.},
}

@Article{art:Hamming,
    title   = {Error Detecting and Error Correcting Codes},
    journal = {Bell Syst. Tech. J.},
    year    = {1950},
    pages   = {147-160},
    month   = apr,
    author  = {Hamming, R. W.},
}

@Article{art:Hsiao,
    title   = {A class of optimal minimum odd-weight-column {SEC}-{DED} codes},
    journal = {Bell Syst. Tech. J.},
    year    = {1970},
    pages   = {395-401},
    month   = jul,
    author  = {Hsiao, M. Y.},
}

@Article{art:LDPC,
    title   = {Near Shannon Limit Performance of {Low} {Density} {Parity} {Check} {Codes}},
    journal = {Electronics Letters},
    year    = {1996},
    month   = jul,
    author  = {MacKay, D. J. C. and Radford, M. N.},
}

@Article{art:turbo,
    title   = {Near {Shannon} Limit error-correcting coding and decoding: Turbo-codes},
    journal = {Proceedings of IEEE International Communications Conference},
    year    = {1993},
    author  = {Berrou, C. and Glavieux, A. and Thitimajshima, P.},
}

@Article{art:Reed-Solomon,
    title   = {A class of muliple-error-correcting codes and the decoding scheme},
    journal = {Technical Report},
    number =  {44},
    year    = {1953},
    author  = {Reed, I. S.},
}

@Article{art:BCH,
    title   = {Encoding and error-correction procedures for the {Bose}-{Chaudhuri} codes},
    journal = {{IRE} Transactions on Information Theory },
    Volume  = {6},
    number =  {4},
    pages  =  {459 - 470},
    year    = {1960},
    month = {September},
    author  = {Peterson, W.},
}

@Article{art:Hosp,
    title   = {Modifizierung des {Cross}-{Parity}-{Codes}},
    journal = {Testmethoden und Zuverl\"{a}ssigkeit von Schaltungen und Systemen (TUZ)},
    pages  =  {45-48},
    year    = {2014},
    author  = {Hosp, S. and G\"{o}ssel, M.},
}

@Article{art:Varghese,
    title   = {Multiple bit error correction for high data rate aerospace applications},
    journal = {IEEE Conference on Information Communication Technologies (ICT)},
    pages  =  {1086-1090},
    month = {April},
    year    = {2013},
    author  = {Varghese, B.},
}


@Article{art:Laprie,
    title   = {Dependable Computing and Fault Tolerance: Concepts and Terminology},
    journal = {Twenty-Fifth International Symposium on Fault-Tolerant Computing},
    year    = {1995},
    author  = {Laprie, J. C.},
}

@Article{art:Avizienis,
    title = {Basic Concepts and Taxonomy of Dependable and Secure Computing},
    journal = {IEE Transactions on Dependable and Secure Computing},
    year = {2004},
    author = {Avizienis, A. and Laprie, J. C. and Randell, B. and Landwehr, C.},
    
}
@Article{art:Avizienis2,
    title = {Dependability and its threats: A Taxonomy},
    year = {2004},
    author = {Avizienis, A. and Laprie, J. C. and Randell, B.},
    
}

@Article{art:Randell,
    title = {Reliability Issues in Computing System Design},
    author = {Randell, B. and Lee, P. A. and Treleaven, P. C.},
    journal = {Computing Surveys},
    volume = {10},
    number = {2},
    year = {1978},
    pages = {123-165},
}

@Article{art:Dicorato,
    title = {Fault Detection and Self Repair in {Hsiao}-Code {FEC} Circuits},
    author = {Dicorato, D. and Pfeifer, P. and Vierhaus, H. T.},
    journal = {2017 IEEE 20th International Symposium on Design and Diagnostics of Electronic Circuits \& Systems (DDECS)},
    year = {2017},
    month = {May},
}

@Article{art:PSSS04,
    title = {{PSSS} - parallel sequence spread spectrum a physical layer for {RF} communication},
    author = {Schwetlick, H. and Wolf, A.},
    journal = {2004 IEEE International Symposium on Consumer Electronics},
    year = {2004},
    month = {September},
}

@Article{art:PSSS15,
    title = {System Design Considerations for a {PSSS} Transceiver for 100 {Gbps} Wireless Communication with Emphasis on Mixed Signal Implementation},
    author = {Javed, A. R. and Scheytt, J. C. and Gowda,  K. K. and Kraemer, R.},
    journal = {2015 IEEE 16th Annual Wireless and Microwave Technology Conference (WAMICON)},
    volume = {1,4},
    pages = {13-15},
    year = {2015},
    month = {April},
}

@Article{patent,
title = {A method for transmitting a data word},
author = {Wolf, A.},
number = {EP04701288.5-1515/1584151, DE 10 2004 033 581, US 20060256850},
year = {2004},
}

@Book{book:ultra-wide08,
    title = {Introduction to Ultra Wideband for Wireless Communications},
    author = {Nikookar, H. and Prasad, R.},
    publisher = {Springer},
    year = {2008},
}

@Book{book:ultra-wide04,
    title = {Understand Ulra Wide Band Radio Fundamentals},
    author = {Benedetto, M. G. D. and Giancola, G.},
    publisher = {Pearson Education},
    year = {2004},
}

@Article{art:spread-spectrum96,
    title = {A flexible spread-spectrum multi-carrier multiple-access system for multi-media applications},
    author = {Kaiser, S.  and  Fazel, K.},
    journal = {The 8th {IEEE} International Symposium on Personal, Indoor and Mobile Radio Communications, 1997. "Waves of the Year 2000"},
    volume = {1},
    pages = {100-104},
    year = {1997},
    month = {September},
}

@Article{art:spread-spectrum97,
    title = {Frequency-diversity spread-spectrum communication system to counter bandlimited {Gaussian} interference},
    author = {Kaleh, G.},
    journal = {Transactions on Communications, {IEEE}},
    volume = {44},
    number = {7},
    pages = {886-893},
    year = {1996},
    month = {July},
}

@Book{book:OFDM,
    title = {Digital Communication Receivers: Synchronization, Channel Estimation, and Signal Processing},
    author = {Meyr, H. and Moeneclaey, M.  and Fechtel, S.},
    publisher = {John Wiley \& Sons, Inc},
    address   = {New York},
    year = {1998},
}

@Article{art:OFDM,
    title   = {Efficient inner-receiver design for {OFDM}-based {WLAN} system},
    journal = {IEEE Trans. Wireless Commun.},
    volume = {6},
    number = {4},
    pages = {1374-1385},
    year    = {2006},
    author  = {Troya, A. and  Maharatna,  K. and Krstic,  M. and  Grass, E. and Jagdhold,  U.  and  Kraemer R.},
}

@Article{art:Pfeifer,
    title   = {A New Area-efficient Reconfigurable Encoder Architecture for Flexible Error Detection and Correction in Dependable Communication Systems},
    journal = {15th Biennial Baltic Electronics Conference},
    year    = {2016},
    month   = October,
    author  = {Pfeifer, P. and Vierhaus, H. T.},
}

@Article{art:Gleichner,
author = {Pfeifer, Petr and Gleichner, Christian and Vierhaus, Heinrich},
year = {2016},
month = {04},
pages = {},
title = {Flexible Test, Error Detection and Correction in Dependable Communication Systems incl. Results on 28 nm {Xilinx} and {Altera} {FPGAs}}
}


@Article{web:hamming_dist,
 author  = "en:User:Cburnett",
 title   = "Hamming distance cube for 3-bit binary numbers",
 year    = "31 December 2006",
 journal     = "https://commons.wikimedia.org/wiki/File:Hamming\_distance\_3\_bit\_binary.svg",
 note    = "Wikimedia GNU Free Documentation License"
}

@Article{art:BCH_implement,
author  = {Priya, M. and Lismi, A. and Sabarinath, G. and Tomson, D.},
year = {2014},
month = {08},
title = {Hardware Implementation of (63, 51) {BCH} Encoder and Decoder for Wban Using {LFSR} and BMA},
volume = {3},
journal = {International Journal on Information Theory}
}

